@inproceedings{nyga15fuzzymln,
  note = {Preprint: \url{http://arxiv.org/abs/1504.05411}},
  booktitle = {Arxiv.org},
  author = {Daniel Nyga and Michael Beetz},
  year = {2015},
  title = {{Reasoning about Unmodelled Concepts -- Incorporating Class Taxonomies in Probabilistic Relational Models}}
}

@inproceedings{nyga15prac,
  author = {Daniel Nyga and Michael Beetz},
  booktitle = {International Symposium of Robotics Research (ISRR)},
  address = {Sestri Levante (Genoa), Italy},
  year = {2015},
  title = {{Cloud-based Probabilistic Knowledge Services for Instruction Interpretation}}
}

@inproceedings{nyga12actioncore,
  bib2html_domain = {Assistive Household},
  bib2html_rescat = {Representation, Reasoning},
  bib2html_funding = {CoTeSys, RoboHow},
  author = {Daniel Nyga and Michael Beetz},
  booktitle = {2012 IEEE/RSJ International Conference on Intelligent Robots and Systems (IROS)},
  address = {Vilamoura, Portugal},
  month = {October, 7--12},
  bib2html_pubtype = {Conference Paper},
  year = {2012},
  title = {Everything Robots Always Wanted to Know about Housework (But were afraid to ask)}
}

@inproceedings{lisca15osd,
  booktitle = {IEEE/RSJ International Conference on Intelligent Robots and Systems (IROS)},
  author = {Gheorghe Lisca and Daniel Nyga and Ferenc B\'alint-Bencz\'edi and Hagen Langer and Michael Beetz},
  year = {2015},
  address = {Hamburg, Germany},
  title = {Towards Robots Conducting Chemical Experiments}
}
