@PhdThesis{jain12phd,
  school = {Intelligent Autonomous Systems Group, Department of Computer Science, Technische Universit\"at M\"unchen},
  author = {Dominik Jain},
  year = {2012},
  title = {Probabilistic Cognition for Technical Systems}
}
