@InProceedings{tenorth10webinstructions,
  bib2html_domain = {Assistive Household},
  bib2html_rescat = {Reasoning, Planning},
  bib2html_funding = {CoTeSys},
  title = {Understanding and Executing Instructions for Everyday Manipulation Tasks from the World Wide Web},
  booktitle = {IEEE International Conference on Robotics and Automation (ICRA)},
  author = {Moritz Tenorth and Daniel Nyga and Michael Beetz},
  month = {May 3--8},
  bib2html_groups = {K4C},
  bib2html_pubtype = {Conference Paper},
  year = {2010},
  pages = {1486--1491},
  address = {Anchorage, AK, USA}
}

@phdthesis{anderson95phd,
  school = {University of Manitoba},
  title = {Constraint-Directed Improvisation for Everyday Activities},
  year = {1995},
  author = {John Eric Anderson}
}


@inproceedings{nyga12actioncore,
  title={Everything Robots Always Wanted to Know about Housework (But were afraid to ask)},
  author={Daniel Nyga and Michael Beetz},
  booktitle={{2012 IEEE/RSJ International Conference on Intelligent Robots and Systems (IROS)}},
  year={2012},
  month = {October, 7--12},
  address = {Vilamoura, Portugal},
  bib2html_pubtype = {Conference Paper},
  bib2html_funding = {CoTeSys, RoboHow},
  bib2html_rescat  = {Representation, Reasoning},
  bib2html_domain  = {Assistive Household}
}

@article{wordnet,
   author    = {Princeton University},
   title     = { "About WordNet." http://wordnet.princeton.edu},
   year      = {2010}
}

@phdthesis{kaljurand:phd,
	author = {Kaarel Kaljurand},
	title = {{Attempto Controlled English as a Semantic Web Language}},
	school = {{Faculty of Mathematics and Computer Science, University of Tartu}},
	year = {2007},
}

@article{DBLP:journals/ml/RichardsonD06,
  author    = {Matthew Richardson and
               Pedro Domingos},
  title     = {Markov logic networks},
  journal   = {Machine Learning},
  volume    = {62},
  number    = {1-2},
  year      = {2006},
  pages     = {107-136},
  ee        = {http://dx.doi.org/10.1007/s10994-006-5833-1},
  bibsource = {DBLP, http://dblp.uni-trier.de}
}

@inproceedings{fuchs:flairs2006,
        author = {Norbert E. Fuchs and Kaarel Kaljurand and Gerold Schneider},
        title = {{Attempto Controlled English Meets the Challenges of Knowledge Representation, Reasoning, Interoperability and User Interfaces}},
        booktitle = {{FLAIRS 2006}},
        year = {2006},
}

@INPROCEEDINGS{Schwitter05alayered,
    author = {Rolf Schwitter},
    title = {A Layered Controlled Natural Language for Knowledge Representation},
    booktitle = {Machine Translation, Controlled Languages and Specialised Languages: Special Issue of Linguisticae Investigationes},
    year = {2005},
    pages = {85--106}
}


@conference {kuhnkaljurandsemantic,
	title = {A Multilingual Semantic Wiki Based on Attempto Controlled English and Grammatical Framework},
	booktitle = {Proceedings of the 10th Extended Semantic Web Conference (ESWC 2013)},
	year = {2013},
	publisher = {Springer},
	organization = {Springer},
	keywords = {Attempto Controlled English, Grammatical Framework, Semantic Web},
	url = {http://attempto.ifi.uzh.ch/site/pubs/papers/eswc2013_kaljurand.pdf},
	author = {Kaarel Kaljurand and Tobias Kuhn}
}

@ARTICLE{Miller95wordnet:a,
    author = {George A. Miller},
    title = {WordNet: A Lexical Database for English},
    journal = {Communications of the ACM},
    year = {1995},
    volume = {38},
    pages = {39--41}
}

@inproceedings{mcdm08b,
author = {Marie-Catherine de Marneffe and Christopher D. Manning},
title = {The Stanford typed dependencies representation},
booktitle = {COLING Workshop on Cross-framework and Cross-domain Parser Evaluation},
year = {2008},
URL = {pubs/dependencies-coling08.pdf}
}

@book{kamp1993discourse,
  title={From discourse to logic: Introduction to model theoretic semantics of natural language, formal logic and discourse representation theory},
  author={Kamp, Hans and Reyle, Uwe},
  volume={42},
  year={1993},
  publisher={Kluwer Academic}
}

@InProceedings{kunze10omics,
  author  = {Lars Kunze and Moritz Tenorth and Michael Beetz},
  title = {{Putting People's Common Sense into Knowledge Bases of Household Robots}},
  booktitle = {33rd Annual German Conference on Artificial Intelligence (KI 2010)},
  month     = {September 21-24},
  year = {2010},
  pages = {151--159},
  address = {Karlsruhe, Germany},
  publisher = {Springer},
  bib2html_pubtype = {Conference Paper},
  bib2html_rescat  = {Reasoning, Representation},
  bib2html_groups = {K4C},
  bib2html_funding = {CoTeSys},
  bib2html_domain  = {Assistive Household}
}

@inproceedings{baker1998berkeley,
  title={The berkeley framenet project},
  author={Baker, Collin F and Fillmore, Charles J and Lowe, John B},
  booktitle={Proceedings of the 17th international conference on Computational linguistics-Volume 1},
  pages={86--90},
  year={1998},
  organization={Association for Computational Linguistics}
}

@article{schuler2005verbnet,
  title={VerbNet: A broad-coverage, comprehensive verb lexicon},
  author={Schuler, Karin Kipper},
  year={2005}
}

@inproceedings{kingsbury2002treebank,
  title={From treebank to propbank},
  author={Kingsbury, Paul and Palmer, Martha},
  booktitle={Proceedings of the 3rd International Conference on Language Resources and Evaluation (LREC-2002)},
  pages={1989--1993},
  year={2002},
  organization={Citeseer}
}



